@inproceedings{butko2012accuracy,
  title={Accuracy evaluation of gem5 simulator system},
  author={Butko, Anastasiia and Garibotti, Rafael and Ost, Luciano and Sassatelli, Gilles},
  booktitle={7th International workshop on reconfigurable and communication-centric systems-on-chip (ReCoSoC)},
  pages={1--7},
  year={2012},
  organization={IEEE}
}

@mastersthesis{余振波2020基于,
  title={基于 SystemC 的粗粒度可重构通用浮点处理器设计},
  author={余振波},
  year={2020},
  school={合肥工业大学}
}

@mastersthesis{邓紫珊2020基于,
  title={基于 RISC-V 的 SoC 设计及其 RTOS 移植},
  author={邓紫珊},
  year={2020},
  school={电子科技大学}
}

@mastersthesis{单磊2012大规模并行片上系统的分布式并行模拟关键技术研究,
  title={大规模并行片上系统的分布式并行模拟关键技术研究},
  author={单磊},
  year={2012},
  school={国防科学技术大学}
}

@mastersthesis{王雅婕2020用于能量计量的,
  title={用于能量计量的 RISC-V 处理器设计及 MCU 实现},
  author={王雅婕},
  year={2020},
  school={浙江大学}
}


@article{蔡启先2010mips64,
  title={MIPS64 指令集模拟器的细化动态翻译技术},
  author={蔡启先 and 郭森 and 裴锋 and 谭平},
  journal={广西工学院学报},
  volume={21},
  number={4},
  pages={1--4},
  year={2010}
}

@mastersthesis{刘晓燕2014一种,
  title={一种 RISC 处理器指令集模拟器的设计与实现},
  author={刘晓燕},
  year={2014},
  school={国防科学技术大学}
}


@inproceedings{gutierrez2014sources,
  title={Sources of error in full-system simulation},
  author={Gutierrez, Anthony and Pusdesris, Joseph and Dreslinski, Ronald G and Mudge, Trevor and Sudanthi, Chander and Emmons, Christopher D and Hayenga, Mitchell and Paver, Nigel},
  booktitle={2014 IEEE International Symposium on Performance Analysis of Systems and Software (ISPASS)},
  pages={13--22},
  year={2014},
  organization={IEEE}
}

@article{brooks2000wattch,
  title={Wattch: A framework for architectural-level power analysis and optimizations},
  author={Brooks, David and Tiwari, Vivek and Martonosi, Margaret},
  journal={ACM SIGARCH Computer Architecture News},
  volume={28},
  number={2},
  pages={83--94},
  year={2000},
  publisher={ACM New York, NY, USA}
}

@article{黄聪会2012软件移植理论与技术研究,
  title={软件移植理论与技术研究},
  author={黄聪会 and 陈靖 and 张黎 and 李东阳},
  journal={计算机应用研究},
  volume={29},
  number={6},
  pages={2024--2027},
  year={2012}
}

@article{李剑慧2007动态二进制翻译与优化技术研究,
  title={动态二进制翻译与优化技术研究},
  author={李剑慧 and 马湘宁 and 朱传琪},
  journal={计算机研究与发展},
  volume={44},
  number={1},
  pages={161},
  year={2007}
}

@article{包云岗2022开源芯片生态技术体系构建面临的机遇与挑战,
  title={开源芯片生态技术体系构建面临的机遇与挑战},
  author={包云岗 and 孙凝晖},
  journal={中国科学院院刊},
  number={1},
  pages={24--29},
  year={2022}
}

@article{许鹏2006一种应用于嵌入式系统中断控制,
  title={一种应用于嵌入式系统中断控制 IP 核的研究},
  author={许鹏},
  journal={信息技术},
  volume={30},
  number={11},
  pages={121--123},
  year={2006}
}


@article{celio2016berkeley,
  title={The Berkeley Out-of-Order Machine (BOOM) Design Specification},
  author={Celio, Christopher and Patterson, David and Asanovi{\'c}, K},
  journal={University of California, Berkeley},
  year={2016}
}



@article{mukherjee2002performance,
  title={Performance simulation tools},
  author={Mukherjee, Shubhendu S and Adve, Sarita V and Austin, Todd and Emer, Joel and Magnusson, Peter S},
  journal={Computer},
  volume={35},
  number={02},
  pages={38--39},
  year={2002},
  publisher={IEEE Computer Society}
}


@article{zhang2007sim,
  title={Sim-Godson: A godson processor simulator based on SimpleScalar},
  author={Zhang, Fu-Xin and Zhang, Long-Bing and Hu, Wei-Wu},
  journal={CHINESE JOURNAL OF COMPUTERS-CHINESE EDITION-},
  volume={30},
  number={1},
  pages={68},
  year={2007},
  publisher={SCIENCE PRESS}
}

@article{gao2007simos,
  title={SimOS-goodson: A goodson-processor based multi-core full-system simulator.},
  author={Gao, Xiang and Zhang, Fu-Xin and Tang, Yan and Zhang, Long-Bing and Hu, Wei-Wu and Tang, Zhi-Min},
  journal={Ruan Jian Xue Bao(Journal of Software)},
  volume={18},
  number={4},
  pages={1047--1055},
  year={2007}
}

@article{hourui,
  title={体系结构模拟器在处理器设计过程中的作用},
  author={张乾龙 and 侯锐 and 杨思博 and 赵博彦 and 张立新},
  journal={计算机研究与发展},
  volume={56},
  number={12},
  pages={2702},
  year={2019}
}

@article{austin2002simplescalar,
  title={SimpleScalar: An infrastructure for computer system modeling},
  author={Austin, Todd and Larson, Eric and Ernst, Dan},
  journal={Computer},
  volume={35},
  number={2},
  pages={59--67},
  year={2002},
  publisher={IEEE}
}

@techreport{desikan2001sim,
  title={Sim-alpha: a validated execution driven alpha 21264 simulator},
  author={Desikan, Rajagopalan and Burger, Doug and Keckler, Stepen W and Austin, Todd},
  year={2001},
  institution={Technical Report TR-01-23, Department of Computer Sciences, University of~…}
}




@inproceedings{zhu1999retargetable,
  title={A retargetable, ultra-fast instruction set simulator},
  author={Zhu, Jianwen and Gajski, Daniel D},
  booktitle={Proceedings of the conference on Design, automation and test in Europe},
  pages={62--es},
  year={1999}
}

@inproceedings{witchel1996embra,
  title={Embra: Fast and flexible machine simulation},
  author={Witchel, Emmett and Rosenblum, Mendel},
  booktitle={Proceedings of the 1996 ACM SIGMETRICS international conference on Measurement and modeling of computer systems},
  pages={68--79},
  year={1996}
}

@incollection{cmelik1995shade,
  title={Shade: A fast instruction-set simulator for execution profiling},
  author={Cmelik, Bob and Keppel, David},
  booktitle={Fast simulation of computer architectures},
  pages={5--46},
  year={1995},
  publisher={Springer}
}

@techreport{waterman2014risc,
  title={The risc-v instruction set manual. volume 1: User-level isa, version 2.0},
  author={Waterman, Andrew and Lee, Yunsup and Patterson, David A and Asanovi, Krste},
  year={2014},
  institution={California Univ Berkeley Dept of Electrical Engineering and Computer Sciences}
}

@article{waterman2014risc1,
  title={The RISC-V instruction set manual},
  author={Waterman, Andrew and Lee, Yunsup and Patterson, David and Asanovic, Krste and level Isa, Volume I User},
  journal={Volume I: User-Level ISA’, version},
  volume={2},
  year={2014}
}

@article{刘畅2021risc,
  title={RISC-V 指令集架构研究综述},
  author={刘畅 and 武延军 and 吴敬征 and 赵琛},
  journal={软件学报},
  volume={32},
  number={12},
  pages={3992--4024},
  year={2021}
}


@article{jiekouguifan,
  author     = {刘畅 and 武延军 and 吴敬征 and 赵琛},
  title      = {RISC-V指令集架构研究综述},
  journal    = {软件学报},
  year       = {2021},
  number     = {32},
  volume     = {12},
  pages      = {3992--4024},
  urldate    = {http://www.jos.org.cn/1000-9825/6490.htm},
}

@article{cachecengcideng,
  author     = {喻之斌 and 金海 and 邹南海},
  title      = {计算机体系结构软件模拟技术},
  journal    = {软件学报},
  year       = {2008},
  number     = {4},
  pages      = {1051--1067},
}

@article{jichengdu,
  author     = {金立忠 and 窦勇},
  title      = {微处理器体系结构模拟器SimpleScalar分析与优化},
  journal    = {计算机应用研究},
  year       = {2006},
  number     = {8},
  pages      = {197--198},
}

@book{huzhenbo,
  author     = {胡振波},
  title      = {手把手教你设计CPU——RISC-V处理器篇},
  edition    = {1},
  address    = {北京},
  publisher  = {人民邮电出版社},
  year       = {2018},
}

@article{kistlerexperiences,
  title={Experiences in Simulation at IBM},
  author={Kistler, Mike}
}


@article{boh,
  author     = {Bohrer P and Peterson J and Elnozahy M},
  title      = {Mambo: A full system simulator for the PowerPC architecture},
  journal    = {ACM SIGMETRICS Performance Evaluation Review},
  year       = {2004},
  number     = {31},
  volume     = {4},
  pages      = {8--12},
}

@inproceedings{asaad2012cycle,
  title={A cycle-accurate, cycle-reproducible multi-FPGA system for accelerating multi-core processor simulation},
  author={Asaad, Sameh and Bellofatto, Ralph and Brezzo, Bernard and Haymes, Chuck and Kapur, Mohit and Parker, Benjamin and Roewer, Thomas and Saha, Proshanta and Takken, Todd and Tierno, Jos{\'e}},
  booktitle={Proceedings of the ACM/SIGDA international symposium on Field Programmable Gate Arrays},
  pages={153--162},
  year={2012}
}

@inproceedings{chaix2019implementation,
  title={Implementation and impact of an ultra-compact multi-FPGA board for large system prototyping},
  author={Chaix, Fabien and Ioannou, Aggelos and Kossifidis, Nikolaos and Dimou, Nikolaos and Ieronymakis, Giorgos and Marazakis, Manolis and Papaefstathiou, Vassilis and Flouris, Vassilis and Ligerakis, Mihailis and Ailamakis, Georgios and others},
  booktitle={2019 IEEE/ACM International Workshop on Heterogeneous High-performance Reconfigurable Computing (H2RC)},
  pages={34--41},
  year={2019},
  organization={IEEE}
}

@article{magnusson2002simics,
  title={Simics: A full system simulation platform},
  author={Magnusson, Peter S and Christensson, Magnus and Eskilson, Jesper and Forsgren, Daniel and Hallberg, Gustav and Hogberg, Johan and Larsson, Fredrik and Moestedt, Andreas and Werner, Bengt},
  journal={Computer},
  volume={35},
  number={2},
  pages={50--58},
  year={2002},
  publisher={IEEE}
}

@inproceedings{ceze2003full,
  title={Full circle: Simulating Linux clusters on Linux clusters},
  author={Ceze, Luis and Strauss, Karin and Almasi, George and Bohrer, Patrick J and Brunheroto, Jose R and Cascaval, Calin and Castanos, Jose G and Lieber, Derek and Martorell, Xavier and Moreira, Jos{\'e} E and others},
  booktitle={Proceedings of the Fourth LCI International Conference on Linux Clusters: The HPC Revolution 2003},
  year={2003}
}

@incollection{varga2010omnet++,
  title={OMNeT++},
  author={Varga, Andras},
  booktitle={Modeling and tools for network simulation},
  pages={35--59},
  year={2010},
  publisher={Springer}
}

@inproceedings{bellard2005qemu,
  title={QEMU, a fast and portable dynamic translator.},
  author={Bellard, Fabrice},
  booktitle={USENIX annual technical conference, FREENIX Track},
  volume={41},
  number={46},
  pages={10--5555},
  year={2005},
  organization={Califor-nia, USA}
}



@book{huzhenbo1,
  author     = {胡振波},
  title      = {RISC-V架构与嵌入式开发快速入门},
  edition    = {1},
  address    = {北京},
  publisher  = {人民邮电出版社},
  year       = {2019},
}

@phdthesis{wukong,
  author     = {柯化成},
  title      = {嵌入式系统全系统模拟器框架设计与实现},
  school     = {浙江大学},
  year       = {2006},
}

@proceedings{adfagerf,
  title      = {第 3 届全国实验流体力学学术会议论文集},
  editor     = {中国力学学会},
  address    = {天津},
  year       = {1990},
}

@techreport{huang,
  author     = {Huang  Yichun},
  title      = {ProEmulator  Plug-in  Developer's  Guide},
  year       = {2004},
}

@phdthesis{buzhou,
  author     = {何锐},
  title      = {GPGPU多核流体系结构与功耗模拟研究},
  school     = {国防科学技术大学},
  year       = {2010},
}

@book{huweiwu,
  author     = {胡伟武},
  title      = {计算机体系结构},
  edition    = {2},
  address    = {北京},
  publisher  = {清华大学出版社},
  year       = {2017},
}


@article{jump,
  author     = {S.Dwarkadas and J.R.Jump},
  title      = {Execution-Driven simulation of mu1tiprocessors：Address and timing analysis},
  journal    = {ACM Transactions on Modeling and Computer Simulation},
  year       = {1994},
  number     = {4},
  volume     = {4},
  pages      = {314--338},
}

@article{daijia,
  author     = {Neil V and Matthew I and Chinmay A},
  title      = {Chip Multi-Processor Scalability for Single-Threaded Applications},
  journal    = {ACM SIGARCH Computer Architecture News},
  year       = {2005},
  number     = {33},
  volume     = {4},
  pages      = {44--53},
}


@article{knuth84,
  author     = {Donald E. Knuth},
  title      = {Literate Programming},
  journal    = {The Computer Journal},
  year       = {1984},
  number     = {2},
  volume     = {27},
  pages      = {97--111},
}

@book{knuth86a,
  author     = {Donald E. Knuth},
  title      = {The {\TeX}book},
  volume     = {A},
  publisher  = {Addison-Wesley},
  address    = {Reading, MA, USA},
  year       = {1986},
  series     = {Computers and Typesetting},
}

@book{lamport94,
  author     = {Leslie Lamport},
  title      = {{\LaTeX}: a Document Preparation System},
  publisher  = {Addison-Wesley},
  address    = {Reading, MA, USA},
  edition    = {2},
  year       = {1994},
}

@book{tlc2,
  author     = {Frank Mittelbach and Michel Goossens and Johannes
                 Braams and David Carlisle},
  title      = {The {\LaTeX} Companion},
  publisher  = {Addison-Wesley},
  address    = {Reading, MA, USA},
  edition    = {2},
  year       = {2004},
}


2.14.1 顺序编码制

@book{sunliguang2016jidi,
  editor     = {孙立广},
  title      = {极地科学前沿与热点：顶级期刊论文摘要汇编（1999—2010）},
  address    = {合肥},
  publisher  = {中国科学技术大学出版社},
  year       = {2016},
  pages      = {222},
}

@book{liyongchi2016zhangliang,
  author     = {李永池},
  title      = {张量初步和近代连续介质力学概论},
  edition    = {2},
  address    = {合肥},
  publisher  = {中国科学技术大学出版社},
  year       = {2016},
  pages      = {61},
}

@book{liujingshuang2014shidi,
  author     = {刘景双},
  title      = {湿地生态系统碳、氮、硫、磷生物地球化学过程},
  address    = {合肥},
  publisher  = {中国科学技术大学出版社},
  year       = {2014},
}

@book{crawford1995future,
  author     = {Crawford, Walt and Gorman, Michael},
  title      = {Future Libraries: Dreams, Madness, \& Reality},
  address    = {Chicago},
  publisher  = {American Library Association},
  year       = {1995},
}

@book{ifla1977names,
  author     = {{International Federation of Library Association and Institutions}},
  title      = {Names of Persons: National Usage for Entry in Catalogues},
  edition    = {3},
  address    = {London},
  publisher  = {IFLA Internation Office for UBC},
  year       = {1977},
}

@incollection{chenggenwei1999hongshui,
  author     = {程根伟},
  title      = {1998年长江洪水的成因与减灾对策},
  editor     = {许厚泽 and 赵其国},
  booktitle  = {长江流域洪涝灾害与科技对策},
  address    = {北京},
  publisher  = {科学出版社},
  year       = {1999},
  pages      = {26--32},
}

@incollection{chenjinbiao1980jixian,
  author     = {陈晋镳 and 张惠民 and 朱士兴 and 赵震 and 王振刚},
  title      = {蓟县震旦亚界研究},
  editor     = {中国地质科学院天津地质矿产研究所},
  booktitle  = {中国震旦亚界},
  address    = {天津},
  publisher  = {天津科学技术出版社},
  year       = {1980},
  pages      = {56--114},
}

@incollection{buseck2018subsolidus,
  title      = {Subsolidus Phenomena in Pyroxenes},
  author     = {Buseck, Peter R and Nord, Jr., Gordon L and Veblen, David R},
  editor     = {Charles T. Prewitt},
  booktitle  = {Pyroxenes},
  address    = {Washington, D.C.},
  publisher  = {Mineralogical Society of America},
  year       = {1980},
  pages      = {117--212},
}

@inproceedings{fourney1971advances,
  author     = {Fourney, M E},
  title      = {Advances in Holographic Photoelasticity},
  booktitle  = {American Society of Mechanical Engineers．Applied Mechanics Division．Symposium on Applications of Holography in Mechanics, August 23-25,1971,University of Southern California, Los Angeles, California},
  address    = {New York},
  publisher  = {ASME},
  year       = {1971},
  pages      = {17--38},
}

@article{kongqingyong2015keji,
  author     = {孔庆勇 and 郭红健 and 孔庆和},
  title      = {我国科技期刊的金字塔分层模型及发展路径初探},
  journal    = {中国科技期刊研究},
  year       = {2015},
  volume     = {26},
  number     = {10},
  pages      = {1100--1103},
}

@article{yanghongsheng2013siku,
  author     = {杨洪升},
  title      = {四库馆私家抄校书考略},
  journal    = {文献},
  year       = {2013},
  number     = {1},
  pages      = {56--75},
}

@article{yuxiao2012hulianwang,
  author     = {于潇 and 刘义 and 柴跃廷 and others},
  title      = {互联网药品可信交易环境中主体资质审核备案模式},
  journal    = {清华大学学报(自然科学版)},
  year       = {2012},
  volume     = {52},
  number     = {11},
  pages      = {1518--1521},
}

@article{desmarais1992carbon,
  author     = {Des Marais, David J and Strauss, H and Summons, R E and others},
  title      = {Carbon Isotope Evidence for the Stepwise Oxidation of the Proterozoic Environment},
  journal    = {Nature},
  year       = {1992},
  volume     = {359},
  pages      = {605--609},
}

@article{hewitt1984technical,
  title      = {Technical Services in 1983},
  author     = {HEWITT, Joe A},
  journal    = {Library Resource Services},
  year       = {1984},
}

@newspaper{dingwenxiang2000shuzi,
  author     = {丁文详},
  title      = {数字革命与竞争国际化},
  journal    = {中国青年报},
  year       = {2000},
  date       = {2000-11-20},
  number     = {15},
}

@patent{jiangxizhou1989waifu,
  author     = {姜锡洲},
  title      = {一种温热外敷药制备方案},
  address    = {中国},
  number     = {88105607.3},
  year       = {1989},
  date       = {1989-07-26},
}

@database{wanjinkun1996wenzhai,
  author     = {万锦坤},
  title      = {中国大学学报论文文摘（1983--1993）（英文版）},
  medium     = {CD},
  address    = {北京},
  publisher  = {中国大百科全书出版社},
  year       = {1996},
}

@article{christine1998plant,
  title      = {Plant physiology: Plant Biology in the {Genome Era}},
  author     = {Mlot, Christine},
  journal    = {Science},
  volume     = {281},
  pages      = {331--332},
  year       = {1998},
  urldate    = {1998-09-23},
}

@phdthesis{sunyuwen2000hanyu,
  author     = {孙玉文},
  title      = {汉语变调构词研究},
  address    = {北京},
  school     = {北京大学},
  year       = {2000},
}

@phdthesis{cairns1965infrared,
  author     = {Cairns, Bruce Richard},
  title      = {Infrared Spectroscopic Studies of Solid Oxygen},
  address    = {Berkeley},
  school     = {Univ. of California},
  date       = {1965},
}

@proceedings{lixuexuehui1990lunwenji,
  title      = {第 3 届全国实验流体力学学术会议论文集},
  editor     = {中国力学学会},
  address    = {天津},
  year       = {1990},
}

@proceedings{rosenthall1963mathematical,
  editor     = {Rosenthall, Edward M},
  title      = {Proceedings of the Fifth Canadian Mathematical Congress, University of Montreal, 1961},
  address    = {Toronto},
  publisher  = {University of Toronto Press},
  year       = {1963},
}


2.14.2 著者-出版年制

@book{baker1995future,
  author     = {Baker, S K and Jackson, M E},
  title      = {The Future of Resource Sharing},
  address    = {New York},
  publisher  = {The Haworth Press},
  year       = {1995},
}

@book{nigeluopangdi1996shuzi,
  author     = {尼葛洛庞帝},
  title      = {数字化生存},
  translator = {胡泳 and 范海燕},
  address    = {海口},
  publisher  = {海南出版社},
  year       = {1996},
  key        = {ni2 ge3 luo4 pang2 di4},
}

@article{yangzongying1996dianzi,
  author     = {杨宗英},
  title      = {电子图书馆的现实模型},
  journal    = {中国图书馆学报},
  year       = {1996},
  number     = {2},
  pages      = {24--29},
  key        = {yang2 zong1 ying1},
}

@book{liubin2014lixue,
  author     = {刘斌},
  title      = {力学},
  address    = {合肥},
  puslisher  = {中国科学技术大学出版社},
  pages      = {24--29},
  year       = {2014},
  key        = {yang2 zong1 ying1},
}


本科毕业论文（设计）参考文献式样

@article{liuliuwenfu2000wangluo,
  author     = {刘文富 and 顾丽梅},
  title      = {网络时代经济发展战略特征},
  journal    = {学术研究},
  year       = {2000},
  volume     = {21},
  number     = {4},
  pages      = {35--40},
}

@book{xiaodu2000zhishi,
  author     = {肖渡 and 沈群红 and 张芸 and 胡汉辉},
  title      = {知识时代的企业合作经营},
  address    = {北京},
  publisher  = {北京大学出版社},
  year       = {2000},
  pages      = {67--69},
}

@techreport{whitehouse1993technology,
  author     = {{The White House}},
  title      = {Technology for Economic Growth},
  address    = {Washington},
  year       = {1993},
}

@article{huston1992vibrational,
  author     = {Hutson, Jeremy M},
  title      = {Vibrational dependence of the anisotropic intermolecular potential of argon-hydrogen chloride},
  journal    = {J. Phys. Chem.},
  year       = {1992},
  volume     = {96},
  pages      = {4237},
}
